@misc{ZCU:KETCube:05-2018,
  title={{KETCube Datasheet}},
  author={{University of West Bohemia in Pilsen}},
  year={2018},
  note={-}
}

@misc{ZCU:KETCubeAppNote006:09-2019,
  title={{KETCube appNote 006: KETCube Upstream Modules}},
  author={{University of West Bohemia in Pilsen}},
  year={2019},
  note={-}
}


@misc{MikroE:mikroBUS,
  title={{mikroBUSâ„¢ standard specifications}},
  author={{MikroElektronika d.o.o.}},
  url={https://download.mikroe.com/documents/standards/mikrobus/mikrobus-standard-specification-v200.pdf},
  year={2015},
  note={-}
}

@misc{TI:HDC1080,
  title={{HDC1080 Datasheet}},
  author={{Texas Instruments}},
  url={http://www.ti.com/lit/ds/symlink/hdc1080.pdf},
  year={2016},
  note={-}
}

@misc{Murata:ABZ,
  title={{LoRa Module Data Sheet}},
  author={{Murata}},
  url={https://wireless.murata.com/datasheet?/RFM/data/type_abz.pdf},
  year={2017},
  note={-}
}

@misc{STM32:STM32L082CZ,
  title={{STM32L082CZ}},
  author={{STMicroelectronics}},
  url={http://www.st.com/content/ccc/resource/technical/document/datasheet/54/e1/a7/ba/64/37/44/49/DM00141132.pdf/files/DM00141132.pdf/jcr:content/translations/en.DM00141132.pdf},
  year={2017},
  note={-}
}

@misc{STM32:AN2606,
  title={{AN2606: STM32 microcontroller system memory boot mode}},
  author={{STMicroelectronics}},
  url={https://www.st.com/resource/en/application_note/cd00167594-stm32-microcontroller-system-memory-boot-mode-stmicroelectronics.pdf},
  year={2021},
  note={-}
}

@misc{STM32:AN3155,
  title={{AN3155: USART protocol used in the STM32 bootloader}},
  author={{STMicroelectronics}},
  url={https://www.st.com/content/ccc/resource/technical/document/application_note/51/5f/03/1e/bd/9b/45/be/CD00264342.pdf/files/CD00264342.pdf/jcr:content/translations/en.CD00264342.pdf},
  year={2021},
  note={-}
}

